@BOOK{Kauffman1995,
  title = {At home in the universe: The search for laws of complexity},
  publisher = {Penguin books},
  year = {1995},
  author = {S Kauffman},
}

@ARTICLE{Waddington1942,
  author = {C. H. Waddington},
  title = {Canalization of development and the inheritance of acquired characters},
  journal = {Nature},
  year = {1942},
  volume = {150},
  pages = {563-565},
}
